@Article{Wicker2007,
author={Wicker, Thomas
and Sabot, Fran{\c{c}}ois
and Hua-Van, Aur{\'e}lie
and Bennetzen, Jeffrey L.
and Capy, Pierre
and Chalhoub, Boulos
and Flavell, Andrew
and Leroy, Philippe
and Morgante, Michele
and Panaud, Olivier
and Paux, Etienne
and SanMiguel, Phillip
and Schulman, Alan H.},
title={A unified classification system for eukaryotic transposable elements},
journal={Nature Reviews Genetics},
year={2007},
month={12},
day={01},
publisher={Nature Publishing Group SN  -},
volume={8},
pages={973-982}
}

@Article{teclass,
    author = {Abrusán, György and Grundmann, Norbert and DeMester, Luc and Makalowski, Wojciech},
    title = {TEclass:a tool for automated classification of unknown eukaryotic transposable elements},
    journal = {Bioinformatics},
    volume = {25},
    number = {10},
    pages = {1329-1330},
    year = {2009}
}

@Article{pastec,
    author = {Hoede, Claire AND Arnoux, Sandie AND Moisset, Mark AND Chaumier, Timothée AND Inizan, Olivier AND Jamilloux, Véronique AND Quesneville, Hadi},
    journal = {PLOS ONE},
    publisher = {Public Library of Science},
    title = {PASTEC: An Automatic Transposable Element Classification Tool},
    year = {2014},
    month = {05},
    volume = {9},
    pages = {1-6},
    number = {5}
}

@Article{repclass,
    author={Feschotte, C{\'e}dric
        and Keswani, Umeshkumar
        and Ranganathan, Nirmal
        and Guibotsy, Marcel L.
        and Levine, David},
    title={Exploring repetitive DNA landscapes using REPCLASS, a tool that automates the classification of transposable elements in eukaryotic genomes},
    journal={Genome Biol Evol},
    year={2009},
    month={7},
    day={23},
    publisher={Oxford University Press},
    volume={1},
    pages={205-220}
}

@Article{dpte,
    author={Li, Shu-Fen
    and Zhang, Guo-Jun
    and Zhang, Xue-Jin
    and Yuan, Jin-Hong
    and Deng, Chuan-Liang
    and Gu, Lian-Feng
    and Gao, Wu-Jun},
    title={DPTEdb, an integrative database of transposable elements in dioecious plants},
    journal={Database (Oxford)},
    year={2016},
    month={5},
    day={12},
    publisher={Oxford University Press},
    volume={2016},
    pages={baw078}
}

@Article{pgsb,
    author={Spannagl, Manuel
    and Nussbaumer, Thomas
    and Bader, Kai C.
    and Martis, Mihaela M.
    and Seidel, Michael
    and Kugler, Karl G.
    and Gundlach, Heidrun
    and Mayer, Klaus F. X.},
    title={PGSB PlantsDB: updates to the database framework for comparative plant genome research},
    journal={Nucleic Acids Res},
    year={2016},
    month={1},
    day={04},
    publisher={Oxford University Press},
    volume={44},
    number={D1},
    pages={D1141-D1147}
}

@article{repbase,
  title={Repbase Update, a database of eukaryotic repetitive elements},
  author={Jurka, Jerzy and Kapitonov, Vladimir V and Pavlicek, A and Klonowski, P and Kohany, O and Walichiewicz, J},
  journal={Cytogenetic and genome research},
  volume={110},
  number={1-4},
  pages={462--467},
  year={2005},
  publisher={Karger Publishers}
}

@article{rite,
  title={RiTE database: a resource database for genus-wide rice genomics and evolutionary biology},
  author={Copetti, Dario and Zhang, Jianwei and El Baidouri, Moaine and Gao, Dongying and Wang, Jun and Barghini, Elena and Cossu, Rosa M and Angelova, Angelina and Roffler, Stefan and Ohyanagi, Hajime and others},
  journal={BMC genomics},
  volume={16},
  number={1},
  pages={538},
  year={2015},
  publisher={BioMed Central}
}

@article{spte,
  title={SPTEdb: a database for transposable elements in salicaceous plants},
  author={Yi, Fei and Jia, Zirui and Xiao, Yao and Ma, Wenjun and Wang, Junhui},
  journal={Database},
  volume={2018},
  year={2018},
  publisher={Oxford University Press}
}

@article{trep,
  title={TREP: a database for Triticeae repetitive elements},
  author={Wicker, Thomas and Matthews, David E and Keller, Beat},
  journal={Trends in Plant Science},
  volume={7},
  number={12},
  pages={561--562},
  year={2002},
  publisher={Elsevier}
}